According to (http://www.academia.edu/713584/A_finite_Coxeter_group_whose_weak_Bruhat_order_is_not_symmetric_chain) the following source states that the weak Bruhat ordering over permutations is a lattice. This result is also stated here (http://en.wikipedia.org/wiki/Inversion_(discrete_mathematics)#Weak_order_of_permutations) but that article doesn't cite a source.
@article{bjorner1984orderings,
	title={Orderings of Coxeter groups},
	author={Bj{\"o}rner, A.},
	journal={Combinatorics and algebra},
	volume={34},
	pages={175--195},
	year={1984},
	publisher={Contemporary Math}
}

Extending Friedgut
	@article{dobzinski2008frequent,
		title={Frequent manipulability of elections: The case of two voters},
		author={Dobzinski, S. and Procaccia, A.},
		journal={Internet and Network Economics},
		pages={653--664},
		year={2008},
		publisher={Springer}
	}
	@inproceedings{isaksson2010geometry,
		title={The geometry of manipulation: A quantitative proof of the Gibbard-Satterthwaite theorem},
		author={Isaksson, M. and Kindler, G. and Mossel, E.},
		booktitle={Foundations of Computer Science (FOCS), 2010 51st Annual IEEE Symposium on},
		pages={319--328},
		year={2010},
		organization={IEEE}
	}
		Cited for the canonical path method
		@article{jerrum1993polynomial,
			title={Polynomial-time approximation algorithms for the Ising model},
			author={Jerrum, M. and Sinclair, A.},
			journal={SIAM Journal on computing},
			volume={22},
			number={5},
			pages={1087--1116},
			year={1993},
			publisher={SIAM}
		}
	@article{friedgut2011quantitative,
		title={A Quantitative Version of the Gibbard-Satterthwaite Theorem for Three Alternatives},
		author={Friedgut, E. and Kalai, G. and Keller, N. and Nisan, N.},
		journal={SIAM Journal on Computing},
		volume={40},
		number={3},
		pages={934--952},
		year={2011},
		publisher={SIAM}
	}
	@inproceedings{mossel2011quantitative,
		title={A quantitative Gibbard-Satterthwaite theorem without neutrality},
		author={Mossel, E. and R\'{a}cz, M.},
		booktitle={Proceedings of the 44th symposium on Theory of Computing},
		pages={1041--1060},
		year={2012},
		organization={ACM}
	}


Coalition manipulation
	General work (extending conitzer2002vote)
		@inproceedings{conitzer2002vote,
			title={Vote elicitation: Complexity and strategy-proofness},
			author={Conitzer, V. and Sandholm, T.},
			booktitle={Proceedings of the National Conference on Artificial Intelligence},
			pages={392--397},
			year={2002},
			organization={Menlo Park, CA; Cambridge, MA; London; AAAI Press; MIT Press; 1999}
		}
		@article{elkind2005small,
			title={Small coalitions cannot manipulate voting},
			author={Elkind, E. and Lipmaa, H.},
			journal={Financial Cryptography and Data Security},
			pages={578--578},
			year={2005},
			publisher={Springer}
		}
		@inproceedings{procaccia2007multi,
			title={Multi-winner elections: Complexity of manipulation, control and winner-determination},
			author={Procaccia, A. and Rosenschein, J. and Zohar, A.},
			booktitle={Proceedings of the 20th International Joint Conference on Artificial Intelligence (IJCAI)},
			pages={1476--1481},
			year={2007}
		}
		@article{hemaspaandra2007anyone,
			title={Anyone but him: The complexity of precluding an alternative},
			author={Hemaspaandra, E. and Hemaspaandra, L. and Rothe, J.},
			journal={Artificial Intelligence},
			volume={171},
			number={5},
			pages={255--285},
			year={2007},
			publisher={Elsevier}
		}
		@inproceedings{faliszewski2006complexity,
			title={The complexity of bribery in elections},
			author={Faliszewski, P. and Hemaspaandra, E. and Hemaspaandra, L.},
			booktitle={AAAI},
			volume={6},
			pages={641--646},
			year={2006}
		}
		@article{elkind2005hybrid,
			title={Hybrid voting protocols and hardness of manipulation},
			author={Elkind, E. and Lipmaa, H.},
			journal={Algorithms and Computation},
			pages={206--215},
			year={2005},
			publisher={Springer}
		}
		@article{conitzer2003universal,
			title={Universal voting protocol tweaks to make manipulation hard},
			author={Conitzer, V. and Sandholm, T.},
			journal={Proceedings of the International Joint Conference on Artificial Intelligence},
			pages={781--788},
			year={2003}
		}

	Average case
		@inproceedings{conitzer2006nonexistence,
			title={Nonexistence of voting rules that are usually hard to manipulate},
			author={Conitzer, V. and Sandholm, T.},
			booktitle={Proceedings of the National Conference on Artificial Intelligence},
			volume={21},
			number={1},
			pages={627},
			year={2006},
			organization={Menlo Park, CA; Cambridge, MA; London; AAAI Press; MIT Press; 1999}
		}
		@Comment{friedgut2008elections}
		@inproceedings{procaccia2007average,
			title={Average-case tractability of manipulation in voting via the fraction of manipulators},
			author={Procaccia, A. and Rosenschein, J.},
			booktitle={Proc. AAMAS},
			volume={7},
			year={2007}
		}
		@inproceedings{procaccia2006junta,
			title={Junta distributions and the average-case complexity of manipulating elections},
			author={Procaccia, A. and Rosenschein, J.},
			booktitle={Proceedings of the fifth international joint conference on Autonomous agents and multiagent systems},
			pages={497--504},
			year={2006},
			organization={ACM}
		}
		@inproceedings{erdelyi2007approximating,
			title={On approximating optimal weighted lobbying, and frequency of correctness versus average-case polynomial time},
			author={Erd{\'e}lyi, G. and Hemaspaandra, L. and Rothe, J. and Spakowski, H.},
			booktitle={Fundamentals of Computation Theory},
			pages={300--311},
			year={2007},
			organization={Springer}
		}

Elementary Set Theory
@book{kunen1980set,
	title={Set theory: An introduction to independence proofs},
	author={Kunen, K.},
	volume={102},
	year={1980},
	publisher={Elsevier Science}
}

Elementary Lattice Theory
@book{birkhoff1995lattice,
	title={Lattice theory},
	author={Birkhoff, G.},
	volume={25},
	year={1995},
	publisher={Amer Mathematical Society}
}

@article{conitzer2007elections,
	title={When are elections with few candidates hard to manipulate?},
	author={Conitzer, V. and Sandholm, T. and Lang, J.},
	journal={Journal of the ACM (JACM)},
	volume={54},
	number={3},
	pages={14},
	year={2007},
	publisher={ACM}
}

@article{moulin1988condorcet,
	title={Condorcet's principle implies the no show paradox},
	author={Moulin, H.},
	journal={Journal of Economic Theory},
	volume={45},
	number={1},
	pages={53--64},
	year={1988},
	publisher={Elsevier}
}

@article{holzman1989vote,
	title={To vote or not to vote: what is the quota?},
	author={Holzman, R.},
	journal={Discrete Applied Mathematics},
	volume={22},
	number={2},
	pages={133--141},
	year={1989},
	publisher={Elsevier}
}

@article{fishburn1983paradoxes,
	title={Paradoxes of preferential voting},
	author={Fishburn, P. and Brams, S.},
	journal={Mathematics Magazine},
	volume={56},
	number={4},
	pages={207--214},
	year={1983},
	publisher={JSTOR}
}

@article{doron1977single,
	title={Single transferrable vote: an example of a perverse social choice function},
	author={Doron, G. and Kronick, R.},
	journal={American Journal of Political Science},
	pages={303--311},
	year={1977},
	publisher={JSTOR}
}

@article{brams1982ams,
	title={The AMS nomination procedure is vulnerable to truncation of preferences},
	author={Brams, S.},
	journal={Notices of the American Mathematical Society},
	volume={29},
	number={2},
	pages={136--138},
	year={1982}
}

@article{bartholdi1991single,
	title={Single transferable vote resists strategic voting},
	author={Bartholdi, J. and Orlin, J.},
	journal={Social Choice and Welfare},
	volume={8},
	number={4},
	pages={341--354},
	year={1991},
	publisher={Springer}
}

@article{dodgson1876method,
	title={A method of taking votes on more than two issues},
	author={Dodgson, C.},
	journal={The theory of committees and elections},
	pages={222--234},
	year={1876}
}

@article{chevaleyre2007short,
	title={A short introduction to computational social choice},
	author={Chevaleyre, Y. and Endriss, U. and Lang, J. and Maudet, N.},
	journal={SOFSEM 2007: Theory and Practice of Computer Science},
	pages={51--69},
	year={2007},
	publisher={Springer}
}

@article{hemaspaandra2009hybrid,
	title={Hybrid Elections Broaden Complexity-Theoretic Resistance to Control},
	author={Hemaspaandra, E. and Hemaspaandra, L. and Rothe, J.},
	journal={Mathematical Logic Quarterly},
	volume={55},
	number={4},
	pages={397--424},
	year={2009},
	publisher={Wiley Online Library}
}

@article{bartholdi1989voting,
	title={Voting schemes for which it can be difficult to tell who won the election},
	author={Bartholdi, J. and Tovey, C. and Trick, M.},
	journal={Social Choice and welfare},
	volume={6},
	number={2},
	pages={157--165},
	year={1989},
	publisher={Springer}
}

@article{bartholdi1989computational,
	title={The computational difficulty of manipulating an election},
	author={Bartholdi, J. and Tovey, C. and Trick, M.},
	journal={Social Choice and Welfare},
	volume={6},
	number={3},
	pages={227--241},
	year={1989},
	publisher={Springer}
}

@inproceedings{fagin2003efficient,
	title={Efficient similarity search and classification via rank aggregation},
	author={Fagin, R. and Kumar, R. and Sivakumar, D.},
	booktitle={Proceedings of the 2003 ACM SIGMOD international conference on Management of data},
	pages={301--312},
	year={2003},
	organization={ACM}
}

@inproceedings{dwork2001rank,
	title={Rank aggregation methods for the web},
	author={Dwork, C. and Kumar, R. and Naor, M. and Sivakumar, D.},
	booktitle={Proceedings of the 10th international conference on World Wide Web},
	pages={613--622},
	year={2001},
	organization={ACM}
}

@inproceedings{pennock2000social,
	title={Social choice theory and recommender systems: Analysis of the axiomatic foundations of collaborative filtering},
	author={Pennock, D. and Horvitz, E. and Giles, C.},
	booktitle={Proceedings of the National Conference on Artificial Intelligence},
	pages={729--734},
	year={2000},
	organization={Menlo Park, CA; Cambridge, MA; London; AAAI Press; MIT Press; 1999}
}

@inproceedings{ephrati1993multi,
	title={Multi-agent planning as a dynamic search for social consensus},
	author={Ephrati, E. and Rosenschein, J.},
	booktitle={International Joint Conference on Artificial Intelligence},
	volume={13},
	pages={423--423},
	year={1993},
	organization={Citeseer}
}

@inproceedings{ephrati1991clarke,
	title={The Clarke tax as a consensus mechanism among automated agents},
	author={Ephrati, E. and Rosenschein, J.},
	booktitle={Proceedings of the Ninth National Conference on Artificial Intelligence},
	pages={173--178},
	year={1991}
}

@book{black1998theory,
	title={The theory of committees and elections},
	author={Black, D. and Newing, R. and McLean, I. and McMillan, A. and Monroe, B.},
	year={1998},
	publisher={Kluwer Academic Pub}
}

@book{lidl1998applied,
	title={Applied abstract algebra},
	author={Lidl, R. and Pilz, G.},
	year={1998},
	publisher={Springer Verlag}
}

@article{birkhoﬀ1967lattice,
	title={Lattice theory},
	author={Birkhoff, G.},
	journal={American Mathematical Society},
	year={1967}
}

@article{markowsky1994permutation,
	title={Permutation lattices revised},
	author={Markowsky, G.},
	journal={Mathematical Social Sciences},
	volume={27},
	number={1},
	pages={59--72},
	year={1994},
	publisher={Elsevier}
}

@article{yanagimoto1969partial,
	title={Partial orderings of permutations and monotonicity of a rank correlation statistic},
	author={Yanagimoto, T. and Okamoto, M.},
	journal={Annals of the Institute of Statistical Mathematics},
	volume={21},
	number={1},
	pages={489--506},
	year={1969},
	publisher={Springer}
}

@article{guilbaud1963analyse,
	title={Analyse alg{\'e}brique d’un scrutin},
	author={Guilbaud, G. and Rosenstiehl, P.},
	journal={Math. Sci. Hum},
	volume={4},
	pages={9--33},
	year={1963}
}

@article{gibbard1973manipulation,
	title={{Manipulation of voting schemes: a general result}},
	author={Gibbard, A.},
	journal={Econometrica: journal of the Econometric Society},
	volume={41},
	number={4},
	pages={587--601},
	year={1973},
	publisher={The Econometric Society}
}

@article{satterthwaite1975strategy,
	title={{Strategy-proofness and Arrow's conditions: Existence and correspondence theorems for voting procedures and social welfare functions* 1}},
	author={Satterthwaite, M.},
	journal={Journal of Economic Theory},
	volume={10},
	number={2},
	pages={187--217},
	year={1975},
	publisher={Elsevier}
}

@article{duggan2000strategic,
	title={{Strategic manipulability without resoluteness or shared beliefs: Gibbard-Satterthwaite generalized}},
	author={Duggan, J. and Schwartz, T.},
	journal={Social Choice and Welfare},
	volume={17},
	number={1},
	pages={85--93},
	year={2000},
	publisher={Springer}
}

@book{taylor2005social,
	title={{Social choice and the mathematics of manipulation}},
	author={Taylor, A.},
	year={2005},
	publisher={Cambridge University Press}
}

@article{faliszewski-richer,
	title={{A richer understanding of the complexity of election systems}},
	author={Faliszewski, P. and Hemaspaandra, E. and Hemaspaandra, L. and Rothe, J.},
	journal={Fundamental Problems in Computing},
	pages={375--406},
	publisher={Springer}
}

@mastersthesis{shockey2008comparative,
	title={{A comparative study of the robustness of voting systems under various models of noise}},
	author={Shockey, D.},
	year={2008},
	school={Rochester Institute of Technology}
}

@conference{friedgut2008elections,
	title={{Elections can be manipulated often}},
	author={Friedgut, E. and Kalai, G. and Nisan, N.},
	booktitle={IEEE 49th Annual IEEE Symposium on Foundations of Computer Science, 2008. FOCS'08},
	pages={243--249},
	year={2008}
}

@conference{xia2008sufficient,
	title={{A sufficient condition for voting rules to be frequently manipulable}},
	author={Xia, L. and Conitzer, V.},
	booktitle={Proceedings of the 9th ACM Conference on Electronic Commerce},
	pages={99--108},
	year={2008},
	organization={ACM}
}

@article{zuckerman2009algorithms,
	title={{Algorithms for the coalitional manipulation problem}},
	author={Zuckerman, M. and Procaccia, A. and Rosenschein, J.},
	journal={Artificial Intelligence},
	volume={173},
	number={2},
	pages={392--412},
	year={2009},
	publisher={Elsevier}
}

@conference{hemaspaandra2007hybrid,
	title={{Hybrid elections broaden complexity-theoretic resistance to control}},
	author={Hemaspaandra, E. and Hemaspaandra, L. and Rothe, J.},
	booktitle={Proceedings of the 20th International Joint Conference on Artificial Intelligence},
	pages={1308--1314},
	year={2007}
}

@conference{xia2009complexity,
	title={{Complexity of unweighted coalitional manipulation under some common voting rules}},
	author={Xia, L. and Zuckerman, M. and Procaccia, A.D. and Conitzer, V. and Rosenschein, J.},
	booktitle={Proc. of IJCAI},
	volume={9},
	pages={348--353},
	year={2009}
}

@article{dobzinski2008frequent,
	title={{Frequent manipulability of elections: The case of two voters}},
	author={Dobzinski, S. and Procaccia, A.},
	journal={Internet and Network Economics},
	pages={653--664},
	year={2008},
	publisher={Springer}
}

@conference{faliszewski2009shield,
	title={{The shield that never was: Societies with single-peaked preferences are more open to manipulation and control}},
	author={Faliszewski, P. and Hemaspaandra, E. and Hemaspaandra, L. and Rothe, J.},
	booktitle={Proceedings of the 12th Conference on Theoretical Aspects of Rationality and Knowledge},
	pages={118--127},
	year={2009},
	organization={ACM}
}

@article{elkind2009swap,
	title={{Swap bribery}},
	author={Elkind, E. and Faliszewski, P. and Slinko, A.},
	journal={Algorithmic Game Theory},
	pages={299--310},
	year={2009},
	publisher={Springer}
}

@conference{fischer2009new,
	title={{A new perspective on implementation by voting trees}},
	author={Fischer, F. and Procaccia, A. and Samorodnitsky, A.},
	booktitle={Proceedings of the tenth ACM conference on Electronic commerce},
	pages={31--40},
	year={2009},
	organization={ACM}
}

@conference{xia2010scheduling,
	title={{A scheduling approach to coalitional manipulation}},
	author={Xia, L. and Conitzer, V. and Procaccia, A.},
	booktitle={Proceedings of the 11th ACM conference on Electronic commerce},
	pages={275--284},
	year={2010},
	organization={ACM}
}

@conference{faliszewski2009multimode,
	title={{Multimode control attacks on elections}},
	author={Faliszewski, P. and Hemaspaandra, E. and Hemaspaandra, L.},
	booktitle={Proceedings of the 21st international jont conference on Artifical intelligence},
	pages={128--133},
	year={2009},
	organization={Morgan Kaufmann Publishers Inc.}
}

@article{bachrach2010probabilistic,
	title={{Probabilistic possible winner determination}},
	author={Bachrach, Y. and Betzler, N. and Faliszewski, P.},
	journal={Proc. of 24th AAAI},
	volume={38},
	year={2010}
}

@conference{faliszewski2010manipulation,
	title={{Manipulation of copeland elections}},
	author={Faliszewski, P. and Hemaspaandra, E. and Schnoor, H.},
	booktitle={Proceedings of the Nineth International Joint Conference on Autonomous Agents and Multi-Agent Systems (AAMAS), Toronto, Canada},
	year={2010}
}

@article{procaccia2008computational,
	title={{Computational Voting Theory: Of the Agents, By the Agents, For the Agents}},
	author={Procaccia, A.},
	year={2008}
}

@conference{brandt-bypassing,
	title={{Bypassing combinatorial protections: Polynomial-time algorithms for single-peaked electorates}},
	author={Brandt, F. and Brill, M. and Hemaspaandra, E. and Hemaspaandra, L.},
	booktitle={Proceedings of the 24th AAAI Conference on Artificial Intelligence},
	pages={215--220}
}

@article{walsh2009really,
	title={{Where are the really hard manipulation problems? The phase transition in manipulating the veto rule}},
	author={Walsh, T.},
	journal={Arxiv preprint arXiv:0905.3720},
	year={2009}
}

@article{faliszewski2010ai,
	title={{AI’s war on manipulation: Are we winning}},
	author={Faliszewski, P. and Procaccia, A.},
	journal={AI Magazine},
	year={2010}
}

@article{mossel2009quantitative,
	title={{A Quantitative Arrow Theorem}},
	author={Mossel, E.},
	journal={Arxiv preprint arXiv:0903.2574},
	year={2009}
}

@article{walsh2010empirical,
	title={{An empirical study of the manipulability of single transferable voting}},
	author={Walsh, T.},
	journal={Proc. of the 19th ECAI, IOS Press},
	year={2010}
}

@article{walsh9manipulability,
	title={{Manipulability of single transferable vote}},
	author={Walsh, T.},
	journal={Proceedings of the CARE},
	volume={9}
}

@conference{xia2009strategy,
	title={{Strategy-proof voting rules over multi-issue domains with restricted preferences}},
	author={Xia, L. and Conitzer, V.},
	booktitle={In submission},
	year={2009},
	organization={Citeseer}
}

@conference{othman-pervasive,
	title={{How pervasive is the Myerson-Satterthwaite impossibility?}},
	author={Othman, A. and Sandholm, T.},
	booktitle={Proceedings of the Twenty-First International Joint Conference on Artificial Intelligence (IJCAI)},
	pages={233--238}
}

@article{menton2009range,
	title={{Range voting is resistant to control}},
	author={Menton, C.},
	year={2009}
}

@article{reyhani2009new,
	title={{A new measure of the difficulty of manipulation of voting rules}},
	author={Reyhani, R. and Pritchard, G. and Wilson, M.},
	year={2009},
	publisher={Citeseer}
}

@article{vorobeychik-incentive,
	title={{Incentive Analysis of Approximately Efficient Allocation Algorithms}},
	author={Vorobeychik, Y. and Engel, Y.}
}

@article{nehama2010approximate,
	title={{Approximate Judgement Aggregation}},
	author={Nehama, I.},
	journal={Arxiv preprint arXiv:1008.3829},
	year={2010}
}

@article{keller2010tight,
	title={{A tight quantitative version of Arrow's impossibility theorem}},
	author={Keller, N.},
	journal={Arxiv preprint arXiv:1003.3956},
	year={2010}
}

@article{erdélyi2008frequency,
	title={{Frequency of Correctness versus Average Polynomial Time and Generalized Juntas1}},
	author={Erd{\'e}lyi, G. and Hemaspaandra, L. and Rothe, J. and Spakowski, H.},
	year={2008}
}

@article{procaccia2010can,
	title={{Can Approximation Circumvent Gibbard-Satterthwaite?}},
	author={Procaccia, A.},
	year={2010}
}

@article{brandt2010group,
	title={{Group-Strategyproof Irresolute Social Choice Functions}},
	author={Brandt, F.},
	journal={Arxiv preprint arXiv:1005.4877},
	year={2010}
}

@article{procaccia-research,
	title={{Research Contributions}},
	author={Procaccia, A.}
}

@article{saari2000mathematical,
	title={{Mathematical structure of voting paradoxes: II. Positional voting}},
	author={Saari, D.},
	journal={Economic Theory},
	volume={15},
	number={1},
	pages={55--102},
	issn={0938-2259},
	year={2000},
	publisher={JSTOR}
}

# Original presentation of Copeland's method
@techreport{copelandreasonable,
	title={{A reasonable social welfare function}},
	author={Copeland, A.},
	institution={mimeo, 1951. University of Michigan}
}

# Original presentation of Borda count
@article{borda1781mémoire,
	title={{M{\'e}moire sur les {\'e}lections au scrutin}},
	author={Borda, J.},
	journal={Histoire de l’acad{\'e}mie royale des sciences},
	volume={2},
	pages={85},
	year={1781}
}

@article{tideman1987independence,
	title={{Independence of clones as a criterion for voting rules}},
	author={Tideman, T.},
	journal={Social Choice and Welfare},
	volume={4},
	number={3},
	pages={185--206},
	issn={0176-1714},
	year={1987},
	publisher={Springer}
}

@article{hägele2001llull,
	title={{Llull's writings on electoral systems}},
	author={H{\"a}gele, G. and Pukelsheim, F.},
	journal={Studia Lulliana},
	volume={41},
	number={97},
	pages={3--38},
	issn={1132-130X},
	year={2001},
	publisher={Maioricensis Schola Lullistica}
}

# Information about early Greek elections
@article{democracybritannica,
	title={{Democracy}},
	year={2011},
	journal={Encyclopedia Britannica},
	note={Retrived from \url{http://www.britannica.com/EBchecked/topic/157129/democracy}}
}

# Ostracism
@article{oturnbull,
	title={{The history of voting}},
	author={O'Connor, J. and Robertson, E.},
	year = {2002},
	journal={Retrived from \url{http://www-gap.dcs.st-and.ac.uk/~history/HistTopics/Voting.html}}
}

# Voting age in ancient Athens
@book{heinemann1952,
	title={{Aristotle in 23 Volumes}},
	volume={20},
	author={Heinemann, W.},
	year={1952},
	publisher={Harvard University Press},
	note={Translated by H. Rackham}
}
# , translated by . Cambridge, MA, ; London, . .


# Definition of Bucklin voting rule
@article{bucklin1911grand,
	title={{The Grand Junction Plan of City Government and Its Results}},
	author={Bucklin, J.},
	journal={The ANNALS of the American Academy of Political and Social Science},
	volume={38},
	number={3},
	pages={87--102},
	issn={0002-7162},
	year={1911},
	publisher={JSTOR}
}

# Fairness of voting rules (survey)
@article{chevaleyre2006issues,
	title={{Issues in multiagent resource allocation}},
	author={Chevaleyre, Y. and Dunne, P. and Endriss, U. and Lang, J. and Lema{\i}tre, M. and Maudet, N. and Padget, J. and Phelps, S. and Rodr{\i}guez-Aguilar, J. and Sousa, P.},
	journal={Special Issue: Hot Topics in European Agent Research II Guest Editors: Andrea Omicini},
	volume={30},
	pages={3--31},
	year={2006},
	publisher={Citeseer}
}

# Original Condorcet work
@article{le1785essai,
	title={{Essai sur l'application de l'analyse {\`a} la probabilit{\'e} des d{\'e}cisions rendues {\`a} la pluralit{\'e} des voix}},
	author={Marquis de Condorcet and Caritat, A.},
	year={1785},
	publisher={De l'imprimerie Royale, Paris}
}

# Arrow's impossibility theorem
@article{arrow1950difficulty,
	title={{A difficulty in the concept of social welfare}},
	author={Arrow, K.},
	journal={The Journal of Political Economy},
	volume={58},
	number={4},
	pages={328--346},
	issn={0022-3808},
	year={1950},
	publisher={JSTOR}
}

# Arrow's strengthened version of his theorem
@book{arrow1963social,
	title={Social choice and individual values},
	author={Arrow, K.},
	number={12},
	year={1963},
	publisher={Yale Univ Pr}
}
